1. INPROCEEDINGS 参考论文格式年份的位置